@article{griffith1928significance,
  title={The significance of pneumococcal types},
  author={Griffith, Fred},
  journal={Epidemiology \& Infection},
  volume={27},
  number={2},
  pages={113--159},
  year={1928},
  publisher={Cambridge University Press}
}

@article{o2008isolating,
	title={Isolating hereditary material: Frederick Griffith},
	author={O'Connor, C},
	journal={Oswald Avery},
	year={2008}
}

@article{hanahan1983studies,
	title={Studies on transformation of Escherichia coli with plasmids},
	author={Hanahan, Douglas},
	journal={Journal of molecular biology},
	volume={166},
	number={4},
	pages={557--580},
	year={1983},
	publisher={Citeseer}
}

@article{johnston2014bacterial,
	title={Bacterial transformation: distribution, shared mechanisms and divergent control},
	author={Johnston, Calum and Martin, Bernard and Fichant, Gwennaele and Polard, Patrice and Claverys, Jean-Pierre},
	journal={Nature Reviews Microbiology},
	volume={12},
	number={3},
	pages={181--196},
	year={2014},
	publisher={Nature Publishing Group}
}

@article{neumann1982gene,
	title={Gene transfer into mouse lyoma cells by electroporation in high electric fields.},
	author={Neumann, Eberhard and Schaefer-Ridder, M and Wang, Y and Hofschneider, PhH},
	journal={The EMBO journal},
	volume={1},
	number={7},
	pages={841--845},
	year={1982}
}

@article{avery1944studies,
	title={Studies on the chemical nature of the substance inducing transformation of pneumococcal types: induction of transformation by a desoxyribonucleic acid fraction isolated from pneumococcus type III},
	author={Avery, Oswald T and MacLeod, Colin M and McCarty, Maclyn},
	journal={The Journal of experimental medicine},
	volume={79},
	number={2},
	pages={137--158},
	year={1944},
	publisher={Rockefeller University Press}
}

@article{hershey1952independent,
	title={Independent functions of viral protein and nucleic acid in growth of bacteriophage},
	author={Hershey, Alfred D and Chase, Martha},
	journal={Journal of general physiology},
	volume={36},
	number={1},
	pages={39--56},
	year={1952},
	publisher={The Rockefeller University Press}
}

@article{watson1953molecular,
	title={Molecular structure of nucleic acids: a structure for deoxyribose nucleic acid},
	author={Watson, James D and Crick, Francis HC},
	journal={Nature},
	volume={171},
	number={4356},
	pages={737--738},
	year={1953},
	publisher={Nature Publishing Group}
}

 @manual{TedEd2016franklin,
	title  = "Rosalind Franklin: the unsung hero of DNA",
	author = "Claudio L. Guerra",
	url    = "ed.ted.com/lessons/rosalind-franklin-dna-s-unsung-hero-claudio-l-guerra",
	year   = "2016"
}

@book{lodish2008molecular,
	title={Molecular cell biology},
	author={Lodish, Harvey and Berk, Arnold and Kaiser, Chris A and Krieger, Monty and Scott, Matthew P and Bretscher, Anthony and Ploegh, Hidde and Matsudaira, Paul and others},
	year={2008},
	publisher={Macmillan}
}
@article{meselson1958replication,
	title={The replication of DNA in Escherichia coli},
	author={Meselson, Matthew and Stahl, Franklin W},
	journal={Proceedings of the national academy of sciences},
	volume={44},
	number={7},
	pages={671--682},
	year={1958},
	publisher={National Acad Sciences}
}

@book{albert2005principles,
	author    = "Albert L. Lehninger",
	title     = "Lehninger principles of biochemistry",
	year      = "2005",
	publisher = "W. H. Freeman",
	address   = ""

@article{mladenov2011induction,
	title={Induction and repair of DNA double strand breaks: the increasing spectrum of non-homologous end joining pathways},
	author={Mladenov, Emil and Iliakis, George},
	journal={Mutation Research/Fundamental and Molecular Mechanisms of Mutagenesis},
	volume={711},
	number={1-2},
	pages={61--72},
	year={2011},
	publisher={Elsevier}
}

@article{burge2006quadruplex,
	title={Quadruplex DNA: sequence, topology and structure},
	author={Burge, Sarah and Parkinson, Gary N and Hazel, Pascale and Todd, Alan K and Neidle, Stephen},
	journal={Nucleic acids research},
	volume={34},
	number={19},
	pages={5402--5415},
	year={2006},
	publisher={Oxford University Press}
}

@article{wright1997normal,
	title={Normal human chromosomes have long G-rich telomeric overhangs at one end},
	author={Wright, Woodring E and Tesmer, Valerie M and Huffman, Kenneth E and Levene, Stephen D and Shay, Jerry W},
	journal={Genes \& development},
	volume={11},
	number={21},
	pages={2801--2809},
	year={1997},
	publisher={Cold Spring Harbor Lab}
}
